@inproceedings{brooks,
author = {Xiaoyao Liang and Ramon Canal and Gu-yeon Wei and David Brooks},
title = {Process Variation Tolerant 3T1D-Based Cache Architectures},
booktitle = {International Symposium on Microarchitecture},
year = {2007},
pages = {15--26},
doi = {10.1109/MICRO.2007.33},
masid = {4301148}
}


@INPROCEEDINGS{sudhanva,
author={Smullen, C.W. and Mohan, V. and Nigam, A. and Gurumurthi, S. and Stan, M.R.},
booktitle={High Performance Computer Architecture (HPCA), 2011 IEEE 17th International Symposium on}, title={Relaxing non-volatility for fast and energy-efficient STT-RAM caches},
year={2011},
month={feb.},
volume={},
number={},
pages={50 -61},
keywords={CACTI;DRAM style refresh policy;SRAM based L1 caches;STT-RAM L2 caches;STT-RAM L3 caches;STT-RAM memory cell redesigning;energy delay product;energy efficiency;nonvolatile memory technology;processor cache;quadcore processor design;spin transfer torque RAM;ultralow retention time;universal memory;write latencies;cache storage;logic design;multiprocessing systems;random-access storage;},
doi={10.1109/HPCA.2011.5749716},
ISSN={1530-0897},}

@article{M5,
author = {Nathan L. Binkert and Ronald G. Dreslinski and Lisa R. Hsu and Kevin T. Lim and Ali G. Saidi and Steven K. Reinhardt},
title = {The M5 Simulator: Modeling Networked Systems},
journal ={IEEE Micro},
volume = {26},
issn = {0272-1732},
year = {2006},
pages = {52-60},
doi = {http://doi.ieeecomputersociety.org/10.1109/MM.2006.82},
publisher = {IEEE Computer Society},
address = {Los Alamitos, CA, USA},
}

@phdthesis{ bienia11benchmarking,
  author = {Christian Bienia},
  title = {Benchmarking Modern Multiprocessors},
  school = {Princeton University},
  year      = {2011},
  month     = {January}
}

@inproceedings{Kaxiras:2001:CDE:379240.379268,
 author = {Kaxiras, Stefanos and Hu, Zhigang and Martonosi, Margaret},
 title = {Cache decay: exploiting generational behavior to reduce cache leakage power},
 booktitle = {Proceedings of the 28th annual international symposium on Computer architecture},
 series = {ISCA '01},
 year = {2001},
 isbn = {0-7695-1162-7},
 location = {G\&\#246;teborg, Sweden},
 pages = {240--251},
 numpages = {12},
 url = {http://doi.acm.org/10.1145/379240.379268},
 doi = {http://doi.acm.org/10.1145/379240.379268},
 acmid = {379268},
 publisher = {ACM},
 address = {New York, NY, USA},
} 